<?xml version="1.0" encoding="UTF-8"?><collection xmlns="http://www.loc.gov/MARC21/slim"><record><leader>00328nam--2200133-i-4500</leader><controlfield tag="001">000029830</controlfield><controlfield tag="002">20161230</controlfield><controlfield tag="005">20161230201037</controlfield><controlfield tag="008">060222s1000------------r-----000-0-eng-d</controlfield><datafield ind1=" " ind2=" " tag="080"><subfield code="a">897</subfield></datafield><datafield ind1=" " ind2=" " tag="100"><subfield code="a">Lajoy,  Millard H</subfield></datafield><datafield ind1=" " ind2=" " tag="245"><subfield code="a">Industrial automatic controls</subfield></datafield><datafield ind1=" " ind2=" " tag="260"><subfield code="a">New York, Prentice-hall. 1954  Ix + 278p</subfield></datafield><datafield ind1=" " ind2=" " tag="852"><subfield code="a">10809</subfield></datafield></record></collection>